@book{jones_lins,
  author =      "Jones, R. and Lins, R.",
  title =       "Garbage Collection, Algorithms for Automatic Dynamic Memory Management",
  publisher =   "Wiley",
  year =        "1996"
} 
@book{lindholm_yellin,
  author =      "Lindholm, T. and Yellin, F.",
  title =       "The JAVA Virtual Machine Specification, Second Edition",
  publisher =   "Addison Wesley",
  year =        "1999"
} 
